@misc{Bisque,
title = {Bisque Database},
howpublished = {\url{http://www.bioimage.ucsb.edu/bisque}}
}
@misc{Bisque-iplant,
title = {Bisque Database},
howpublished = {\url{http://bisque.iplantcollaborative.org}}
}
@misc{Bisque-module-creation,
title = {Bisque Module Creation Tutorial},
howpublished = {\url{http://biodev.ece.ucsb.edu/projects/bisquik/wiki/Developer/ModuleSystem/Tutorial}}
}
@misc{Trellis,
title = {Trellis: iPlant User Management},
howpublished = {\url{https://user.iplantcollaborative.org}}
}